@article{brieda2026,
  author = {L. Brieda},
  title = {Particle in Cell},
  journal = {International Electric Propulsion},
  year = {2026},
  volume = {10},
  number = {100},
}

@misc{iamlubos,
  author = {A. Brieda},
  title = {Personal Website},
  howpublished = {\url{https://www.iamlubos.com}},
  note = {Accessed: 2024-08-21}
}

@misc{slovakcooking,
  author = {B. Brieda},
  title = {Slovak Cooking Website},
  howpublished = {\url{https://www.slovakcooking.com}},
  note = {Accessed: 2024-10-12}
}

@misc{particleincell,
  author = {C. Brieda},
  title = {Particle in Cell Website},
  howpublished = {\url{https://www.particleincell.com}},
  note = {Accessed: 2024-10-23}
}
